@article{lammps,
author = {Plimpton, Steve},
doi = {10.1006/JCPH.1995.1039},
issn = {0021-9991},
journal = {J. Comput. Phys.},
month = {mar},
number = {1},
pages = {1--19},
publisher = {Academic Press},
title = {{Fast Parallel Algorithms for Short-Range Molecular Dynamics}},
url = {https://www.sciencedirect.com/science/article/pii/S002199918571039X?via{\%}3Dihub},
volume = {117},
year = {1995}
}

@article{cassandra,
author = {Shah, Jindal K. and Marin-Rimoldi, Eliseo and Mullen, Ryan Gotchy and Keene, Brian P. and Khan, Sandip and Paluch, Andrew S. and Rai, Neeraj and Romanielo, Lucienne L. and Rosch, Thomas W. and Yoo, Brian and Maginn, Edward J.},
doi = {10.1002/jcc.24807},
issn = {1096987X},
journal = {J. Comput. Chem.},
keywords = {Atomistic simulation,Molecular modeling,Monte Carlo,Open source software,Thermodynamics},
pages = {1727--1739},
title = {{Cassandra: An Open Source Monte Carlo Package for Molecular Simulation}},
year = {2017}
}

@article{gasteiger,
author = {Gasteiger, Johann and Marsili, Mario},
journal = {Tetrahedron},
pages = {3219--3288},
title = {{Iterative Partial Equalization of Orbital Electronegativity—a Rapid Access to Atomic Charges}},
volume = {36},
year = {1980},
doi = {10.1016/0040-4020(80)80168-2}
}


@article{Munasinghe2020,
author = {Munasinghe, Aravinda and Baker, Stefanie L. and Lin, Ping and Colina, Coray M. and Russell, Alan J.},
doi = {10.1039/c9sm01842e},
journal = {Soft Matter},
pages = {456--465},
publisher = {Royal Society of Chemistry},
title = {{Structure–Function–Dynamics of {\alpha}-Chymotrypsin Based Conjugates as a Function of Polymer Charge}},
volume = {16},
year = {2020}
}


@article{Russell2018,
author = {Russell, Alan J. and Baker, Stefanie L. and Figg, Charles Adrian and Kaar, Joel L. and Simakova, Antonina and Sumerlin, Brent S.},
doi = {10.1002/aic.16338},
journal = {AIChE J.},
keywords = {atrp,grafting-from,protein-polymer conjugate,raft,structure-function},
number = {9},
title = {{Next Generation Protein-Polymer Conjugates}},
volume = {64},
year = {2018}
}


@article{Jo2008,
author = {Jo, Sunhwan and Kim, Taehoon and Iyer, Vidyashankara G. and Im, Wonpil},
doi = {10.1002/jcc},
journal = {J. Comput. Chem.},
keywords = {electrostatic potential,explicit sol-,implicit solvent,marvinspace,membrane,molecular dynamics,poisson-boltzmann,vent,visualization},
title = {{Software News and Updates CHARMM-GUI: A Web-Based Graphical User Interface for CHARMM}},
volume = {29},
year = {2008}
}


@misc{Swalis,
author = {Swalis, Jason and Wiewiora, Rafal and Chodera, John},
title = {{ParmEd documentation}},
url = {https://parmed.github.io/ParmEd/html/index.html},
urldate = {01/05/2021}
}


@article{zeopp,
author = {Willems, Thomas F. and Rycroft, Chris H. and Kazi, Michaeel and Meza, Juan C. and Haranczyk, Maciej},
doi = {10.1016/j.micromeso.2011.08.020},
isbn = {1387-1811},
issn = {13871811},
journal = {Microporous and Mesoporous Mater.},
keywords = {Accessible surface area,Accessible volume,Channel dimensionality,Largest free sphere,Largest included sphere},
number = {1},
pages = {134--141},
pmid = {898},
publisher = {Elsevier Inc.},
title = {{Algorithms and Tools for High-Throughput Geometry-Based Analysis of Crystalline Porous Materials}},
url = {http://dx.doi.org/10.1016/j.micromeso.2011.08.020},
volume = {149},
year = {2012}
}


@article{pblazer,
author = {Sarkisov, Lev and Harrison, Alex},
doi = {10.1080/08927022.2011.592832},
url = {https://doi.org/10.1080/08927022.2011.592832},
isbn = {0892-7022},
issn = {08927022},
journal = {Mol. Simul.},
keywords = {Accessible surface area-Adsorption,MOF,Simulation},
number = {15},
pages = {1248--1257},
pmid = {20025289},
title = {{Computational Structure Characterisation Tools in Application to Ordered and Disordered Porous Materials}},
volume = {37},
year = {2011}
}


@article{vmd,
author = {Humphrey, William and Dalke, Andrew and Schulten, Klaus},
journal = {J. Mol. Graphics},
number = {December 1995},
pages = {33--38},
title = {{VMD: Visual Molecular Dynamics}},
url = {http://www.ks.uiuc.edu/Research/vmd},
volume = {7855},
year = {1996}
}


@article{avogadro,
author = {Hanwell, Marcus D. and Curtis, Donald E. and Lonie, David C. and Vandermeersch, Tim and Zurek, Eva and Hutchison, Geoffrey R.},
journal = {J. Cheminf.},
number = {1},
pages = {1--17},
title = {{Avogadro: An Advanced Semantic Chemical Editor, Visualization, and Analysis Platform}},
url = {http://avogadro.cc},
volume = {4},
year = {2012}
}


@misc{lmps:units,
title = {{units command -- LAMMPS documentation}},
url = {https://docs.lammps.org/units.html}
}


@article{MD_in_bio,
author = {Simonson, Thomas and Archontis, Georgios and Karplus, Martin},
title = {Free Energy Simulations Come of Age: Protein-Ligand Recognition},
journal = {Acc. Chem. Res.},
volume = {35},
number = {6},
pages = {430-437},
year = {2002},
doi = {10.1021/ar010030m},
URL = {https://doi.org/10.1021/ar010030m}
}


@article{pysimm_upd2,
author = {Demidov, Alexander G. and Perera, B. Lakshitha A. and Fortunato, Michael E. and Lin, Sibo and Colina, Coray M.},
journal = {SoftwareX},
pages = {100749},
publisher = {Elsevier B.V.},
title = {{Update 1.1 to “Pysimm: A Python Package for Simulation of Molecular Systems”}},
volume = {15},
year = {2021},
doi = {10.1016/j.softx.2021.100749}, 
url={https://doi.org/10.1016/j.softx.2021.100749}
}


@book{Leach_2001,
  title={Molecular Modelling: Principles and Applications},
  author={Leach, Andrew R.},
  isbn={9780582382107},
  lccn={00046480},
  year={2001},
  publisher={Prentice Hall}
}


@book{Frenkel_1996,
    address = {New York},
    author = {Daan Frenkel and Berend Smit},
    publisher = {Academic Press},
    title = {Understanding Molecular Simulation: From Algorithms to Applications},
    year = {1996}
}

@article{Rukmani2019,
    author = {Rukmani, Shalini J. and Kupgan, Grit and Anstine, Dylan M. and Colina, Coray M.},
    doi = {10.1080/08927022.2018.1531401},
    journal = {Mol. Simul.},
    keywords = {force fields,water models,water-soluble polymers},
    pages = {310-321},
    publisher = {Taylor {\&} Francis},
    title = {{A Molecular Dynamics Study of Water-Soluble Polymers: Analysis of Force Fields From Atomistic Simulations}},
    volume = {7022},
    year = {2019}, 
    url={https://doi.org/10.1080/08927022.2018.1531401}
}

@article{kubota-kubota,
  title={Solution Properties of Poly (N-Isopropylacrylamide) in Water},
  author={Kubota, Kenji and Fujishige, Shouei and Ando, Isao},
  journal={Polym. J.},
  volume={22},
  number={1},
  pages={15--20},
  year={1990},
  publisher={Nature Publishing Group}, 
  url={https://doi.org/10.1295/polymj.22.15}
}

@article{kubota-kubota2,
  title={Characterization of Poly (N-Isopropylmethacrylamide) in Water},
  author={Kubota, Kenji and Hamano, Kenzi and Kuwahara, Nobuhiro and Fujishige, Shouei and Ando, Isao},
  journal={Polym. J.},
  volume={22},
  number={12},
  pages={1051--1057},
  year={1990},
  publisher={Nature Publishing Group}, 
  url={https://doi.org/10.1295/polymj.22.1051}
}

@article{tacx2000,
  title={Dissolution Behavior and Solution Properties of Polyvinylalcohol as Determined by Viscometry and Light Scattering in DMSO, Ethyleneglycol and Water},
  author = {Tacx, J.C.J.F. and Schoffeleers, H.M. and Brands, A.G.M. and Teuwen, L.},
  journal={Polymer},
  volume={41},
  number={3},
  pages={947--957},
  year={2000},
  publisher={Elsevier}, 
  url={https://doi.org/10.1016/S0032-3861(99)00220-7}
}


@article{bucholz2017,
  title={Phenolic Polymer Solvation in Water and Ethylene Glycol, I: Molecular Dynamics Simulations},
  author={Bucholz, Eric W. and Haskins, Justin B. and Monk, Joshua D. and Bauschlicher Jr., Charles W. and Lawson, John W.},
  journal={J. Phys. Chem. B},
  volume={121},
  number={13},
  pages={2839--2851},
  year={2017},
  publisher={ACS Publications}, 
  url={https://doi.org/10.1021/acs.jpcb.7b00326}
}


@article{song2020,
  title={Atomistic Structure Generation of Covalent Triazine-Based Polymers by Molecular Simulation},
  author={Song, Ce and Hu, Fangyuan and Meng, Zhaoliang and Li, Shengming and Shao, Wenlong and Zhang, Tianpeng and Liu, Siyang and Jian, Xigao},
  journal={RSC Adv.},
  volume={10},
  number={8},
  pages={4258--4263},
  year={2020},
  publisher={Royal Society of Chemistry}, 
  url={https://doi.org/10.1039/c9ra11035f}
}


@article{Rukmani2019_pegda,
  title={Molecular Modeling of Complex Cross-Linked Networks of PEGDA Nanogels},
  author={Rukmani, Shalini J. and Lin, Ping and Andrew, Jennifer S. and Colina, Coray M.},
  journal={J. Phys. Chem. B},
  volume={123},
  number={18},
  pages={4129--4138},
  year={2019},
  publisher={ACS Publications}, 
  url={https://doi.org/10.1021/acs.jpcb.9b01622}
}

@article{anstine2020effects,
  title={Effects of an Atomistic Modeling Approach on Predicted Mechanical Properties of Glassy Polymers via Molecular Dynamics},
  author={Anstine, Dylan M. and Strachan, Alejandro and Colina, Coray M.},
  journal={Modell. Simul. Mater. Sci. Eng.},
  volume={28},
  number={2},
  pages={025006},
  year={2020},
  publisher={IOP Publishing}, 
  url={https://doi.org/10.1088/1361-651X/ab615c}
}


@article{restful,
    author = {Kim, Sunghwan and Thiessen, Paul A. and Cheng, Tiejun and Yu, Bo and Bolton, Evan E.},
    title = {An Update on PUG-REST: RESTful Interface for Programmatic Access to PubChem},
    journal = {Nucleic Acids Res.},
    volume = {46},
    number = {W1},
    pages = {W563-W570},
    year = {2018},
    issn = {0305-1048},
    doi = {10.1093/nar/gky294},
    url = {https://doi.org/10.1093/nar/gky294}
}


@article{bioconjug_nextgen,
author = {Russell, Alan J. and Baker, Stefanie L. and Colina, Coray M. and Figg, Charles Adrian and Kaar, Joel L. and Matyjaszewski, Krzysztof and Simakova, Antonina and Sumerlin, Brent S.},
title = {Next Generation Protein-Polymer Conjugates},
journal = {AIChE J.},
volume = {64},
number = {9},
pages = {3230-3245},
keywords = {protein-polymer conjugate, grafting-from, ATRP, RAFT, structure-function},
doi = {https://doi.org/10.1002/aic.16338},
url = {https://aiche.onlinelibrary.wiley.com/doi/abs/10.1002/aic.16338},
year = {2018}
}

@article{Lin2019,
author = {Lin, Ping and Colina, Coray M.},
doi = {10.1016/j.coche.2019.02.006},
issn = {2211-3398},
journal = {Curr. Opin. Chem. Eng.},
pages = {44--50},
publisher = {Elsevier Ltd},
title = {{Molecular Simulation of Protein–Polymer Conjugates}},
url = {https://doi.org/10.1016/j.coche.2019.02.006},
volume = {23},
year = {2019}
}


@article{aravinda_peg1,
author = {Munasinghe, Aravinda and Mathavan, Akash and Mathavan, Akshay and Lin, Ping and Colina, Coray M.},
title = {Molecular Insight into the Protein–Polymer Interactions in N-Terminal PEGylated Bovine Serum Albumin},
journal = {J. Phys. Chem. B},
volume = {123},
number = {25},
pages = {5196-5205},
year = {2019},
doi = {10.1021/acs.jpcb.8b12268},
URL = {https://doi.org/10.1021/acs.jpcb.8b12268}
}

@article{aravinda_peg2,
author = {Munasinghe, Aravinda and Mathavan, Akash and Mathavan, Akshay and Lin, Ping and Colina, Coray M.},
doi = {10.1063/5.0038306},
journal = {J. Chem. Phys.},
pages = {075101},
publisher = {AIP Publishing, LLC},
title = {{Atomistic Insight Towards the Impact of Polymer Architecture and Grafting Density on Structure-Dynamics of PEGylated Bovine Serum Albumin and Their Applications}},
url = {https://doi.org/10.1063/5.0038306},
volume = {154},
year = {2021}
}


@article{lak_2021,
    author = {B. Lakshitha A. Perera and Coray M. Colina},
    title = {Cluster Formation of Initiators as a Tool to Impose Conformational Stability to Unstructured Regions of a Protein},
    journal = {Mol. Phys.},
    volume = {119},
    number = {19-20},
    pages = {e1963000},
    year  = {2021},
    publisher = {Taylor & Francis},
    doi = {10.1080/00268976.2021.1963000},
    URL = { https://doi.org/10.1080/00268976.2021.1963000}
}


@article{farhad_2018,
    author = {Ramezanghorbani, Farhad and Lin, Ping and Colina, Coray M.},
    title = {Optimizing Protein–Polymer Interactions in a Poly(Ethylene Glycol) Coarse-Grained Model},
    journal = {J. Phys. Chem. B},
    volume = {122},
    number = {33},
    pages = {7997-8005},
    year = {2018},
    doi = {10.1021/acs.jpcb.8b05359},
    URL = {https://doi.org/10.1021/acs.jpcb.8b05359}
}
